@Article{Whitby:BD00,
	author	= {Pamela Whitby},
	title		= {Security New Focus for IT Companies.},
	journal = {Business Day(South Africa)},
	pages		= {10},
	year		= {2000},
}

@Article{anon:Bwire99,
	author	= {anonymous},
	title		= {Webtrends Announces Webtrends Security
						 Analyser v3.0, featuring support for Linux,
						 Solaris, and Windows.},
	journal = {Business Wire},
	pages		= {1--2},
	year		= {1999},
}


@Article{Sinclair:Age00,
	author	= {Jenny Sinclair},
	title		= {Fighting the Crisis of Confidence in Online Trade.},
	journal = {The Age--IT1},
	pages		= {5},
	year		= {2000},
}


@Article{anonLA:Age00,
	author	= {anonymous-LA TIMES},
	title		= {Cybercrime Doubles its Toll on Profits, Study Finds.},
	journal = {The Age--IT1},
	pages		= {5},
	year		= {2000},
}


@Article{Horadam:Age99,
	author	= {Kathy Horadam},
	title		= {A clear reason to be cryptic},
	journal = {The Age--IT Proffesional},
	pages		= {13},
	year		= {1999},
}


@Article{Phillips:Age99,
	author	= {Tim Phillips},
	title		= {Watchdogs harness Net to fish for Cybercrime.},
	journal = {The Age--Business},
	pages		= {2},
	year		= {1999},
}

@Article{Sabbagh:Comp99,
	author	= {Dan Sabbagh},
	title		= {Government kills off key escrow},
	journal = {Computing(UK)},
	pages		= {3},
	year		= {1999},
}

@Article{anon:ABF00,
	author	= {anonymous},
	title		= {Online Retailing Set to explode},
	journal = {Australian Banking and Finance},
	pages		= {12},
	year		= {2000},
}

@Article{anon2:Bwire00,
	author	= {anonymous},
	title		= {Safetpay performs 1st international atm-card purchase
						 via internet.},
	journal = {Business Wire},
	pages		= {1},
	year		= {2000},
}


@Article{August:Comp00,
	author	= {Vicki August},
	title		= {7days--Hacking Marches in Step with eTrade},
	journal = {Computing(UK)},
	pages		= {22},
	year		= {2000},
}


@misc{Clarke:url99,
	author	= {Roger Clarke},
	title		= {the SET Approach to Net-Based Payments},
	howpublished = {www.anu.edu.au/people/Roger.Clarke/EC/},
}

@misc{WCY:wcy99,
	author = {unknown},
	title = {Management 325-101:(excerpt from The World Competitiveness
					 Yearbook 1999)},
	pages = {71-75},
	year = {1999},
}

