@misc{Vkn:url,
		author	={M. van Ketel , T D. Nelson},
		title		={e-commerce},
		howpublished={www.whatis.com},
		year		={2000},
}

@misc{Clarke:url,
		author	={R. Clarke},
		title		={Electonic Commerce Definitions},
		howpublished={www.anu.edu.au/people/Roger.Clarke/EC/ECDefns.html},
		year		={1999},
}

@misc{Builder:url,
		author	={unknown},
		title		={10 Questions on e-commerce},
		howpublished={www.cnet.com},
		year		={1999},
}

